@incollection{Augustine1887,
  author    = {Augustine},
  title     = {On the Spirit and the Letter},
  translator= {Peter Holmes and Robert Ernest Wallis},
  booktitle = {Nicene and Post-Nicene Fathers, First Series, Volume 5},
  editor    = {Philip Schaff},
  pages     = {83--114},
  publisher = {Christian Literature Publishing},
  address   = {Buffalo, NY},
  year      = {1887}
}

@book{Bruce1964,
  author    = {F. F. Bruce},
  title     = {The Epistle to the Hebrews},
  series    = {New International Commentary on the New Testament},
  publisher = {Eerdmans},
  address   = {Grand Rapids},
  year      = {1964}
}

@book{Calvin1853,
  author    = {John Calvin},
  title     = {Commentaries on the Epistle to the Hebrews},
  translator= {John Owen},
  publisher = {Calvin Translation Society},
  address   = {Edinburgh},
  year      = {1853}
}

@book{Capps2015,
  author    = {Matthew Z. Capps},
  title     = {Hebrews: A 12-Week Study},
  publisher = {Crossway},
  address   = {Wheaton, IL},
  year      = {2015}
}


@incollection{Cyril1894,
  author    = {{Cyril of Jerusalem}},
  title     = {Catechetical Lectures},
  booktitle = {Nicene and Post-Nicene Fathers, Second Series, Volume 7},
  editor    = {Philip Schaff and Henry Wace},
  publisher = {Christian Literature Publishing Co.},
  address   = {Buffalo, NY},
  year      = {1894},
  note      = {Lecture 12}
}

@book{Cockerill2012,
  author    = {Gareth Lee Cockerill},
  title     = {The Epistle to the Hebrews},
  series    = {New International Commentary on the New Testament},
  publisher = {Eerdmans},
  address   = {Grand Rapids},
  year      = {2012}
}

@incollection{Edwards1959,
  author    = {Jonathan Edwards},
  title     = {A Treatise Concerning Religious Affections},
  booktitle = {The Works of Jonathan Edwards},
  editor    = {John E. Smith},
  volume    = {2},
  publisher = {Yale University Press},
  address   = {New Haven},
  year      = {1959}
}

@incollection{Edwards1981,
  author    = {Jonathan Edwards},
  title     = {The Excellency of Christ},
  booktitle = {Sermons and Discourses, 1738--1742},
  editor    = {Harry S. Stout},
  pages     = {483--500},
  volume    = {19},
  series    = {The Works of Jonathan Edwards},
  publisher = {Yale University Press},
  address   = {New Haven},
  year      = {2001}
}

@article{Harris2021,
  author    = {Dana M. Harris},
  title     = {The Use of the Old Testament in the Epistle to the Hebrews},
  journal   = {Southwestern Journal of Theology},
  volume    = {64},
  number    = {1},
  year      = {2021},
  pages     = {92--106}
}

@book{Hughes1977,
  author    = {Philip Edgcumbe Hughes},
  title     = {A Commentary on the Epistle to the Hebrews},
  publisher = {Eerdmans},
  address   = {Grand Rapids},
  year      = {1977}
}

@book{Lane1991,
  author    = {William L. Lane},
  title     = {Hebrews 1--8},
  series    = {Word Biblical Commentary},
  volume    = {47A},
  publisher = {Word},
  address   = {Dallas},
  year      = {1991}
}

@incollection{Luther1968,
  author    = {Martin Luther},
  title     = {Lectures on Hebrews},
  booktitle = {Luther's Works},
  editor    = {Jaroslav Pelikan},
  volume    = {29},
  pages     = {109--241},
  publisher = {Concordia},
  address   = {St. Louis},
  year      = {1968}
}

@book{OBrien2010,
  author    = {Peter T. O'Brien},
  title     = {The Letter to the Hebrews},
  series    = {Pillar New Testament Commentary},
  publisher = {Eerdmans},
  address   = {Grand Rapids},
  year      = {2010}
}

@multiVolumeBook{Owen1854,
  author    = {John Owen},
  title     = {An Exposition of the Epistle to the Hebrews},
  volumes   = {7},
  publisher = {Johnstone and Hunter},
  address   = {Edinburgh},
  year      = {1854--1855}
}

@book{Schreiner2017,
  author    = {Thomas R. Schreiner},
  title     = {Covenant and God's Purpose for the World},
  series    = {Short Studies in Biblical Theology},
  publisher = {Crossway},
  address   = {Wheaton, IL},
  year      = {2017}
}

@book{Sproul1985,
  author    = {R. C. Sproul},
  title     = {The Holiness of God},
  publisher = {Tyndale House},
  address   = {Wheaton, IL},
  year      = {1985}
}

@book{Wesley1755,
  author    = {John Wesley},
  title     = {Explanatory Notes upon the New Testament},
  publisher = {Epworth},
  address   = {London},
  year      = {1755}
}

